@Electronic{14,
  Title                    = {Dream Code},
  Author                   = {Sage Days 14},
  Url                      = {http://trac.sagemath.org/sage_trac/ticket/5528},

  Owner                    = {tdupu},
  Timestamp                = {2012.07.19}
}

@Article{Abramovich1992,
  Title                    = {Toward a proof of the Mordell-Lang conjecture in characteristic p},
  Author                   = {Abramovich, D. and Voloch, J.F.},
  Journal                  = {International Mathematics Research Notices},
  Year                     = {1992},
  Number                   = {5},
  Pages                    = {103--115},
  Volume                   = {1992},

  Publisher                = {Oxford University Press}
}

@Article{Agudelo2010,
  Title                    = {Paraconsistent Machines and their Relation to Quantum Computing},
  Author                   = {Agudelo, J.C. and Carnielli, W.},
  Journal                  = {Journal of Logic and Computation},
  Year                     = {2010},
  Number                   = {2},
  Pages                    = {573--595},
  Volume                   = {20},

  Publisher                = {Oxford Univ Press}
}

@Article{Agudelo2007,
  Title                    = {Unconventional models of computation through non-standard logic circuits},
  Author                   = {Agudelo, J. and Carnielli, W.},
  Journal                  = {Unconventional Computation},
  Year                     = {2007},
  Pages                    = {29--40},

  Publisher                = {Springer}
}

@InProceedings{Agudelo2005,
  Title                    = {Quantum algorithms, paraconsistent computation and Deutsch’s problem},
  Author                   = {Agudelo, J.C. and Carnielli, W.},
  Booktitle                = {Proceedings of the 2nd Indian International Conference on Artificial Intelligence},
  Year                     = {2005},
  Pages                    = {1609--1628}
}

@Article{Ahmadi2009,
  Title                    = {On the distribution of the number of points on algebraic curves in extensions of finite fields},
  Author                   = {Ahmadi, Omran and Shparlinski, Igor E},
  Journal                  = {arXiv preprint arXiv:0907.3664},
  Year                     = {2009}
}

@Electronic{Baez2009,
  Title                    = {Torsors Made Easy},
  Author                   = {John Baez},
  Language                 = {English},
  Month                    = {December},
  Organization             = {University of California, Riverside},
  Url                      = {http://math.ucr.edu/home/baez/torsors.html},
  Year                     = {2009},

  Owner                    = {tdupu},
  Timestamp                = {2012.06.20}
}

@Book{Baker2010,
  Title                    = {Potential theory and dynamics on the Berkovich projective line},
  Author                   = {Baker, M. and Rumely, R.S.},
  Publisher                = {Amer Mathematical Society},
  Year                     = {2010},
  Volume                   = {159}
}

@Article{Barcau2003,
  Title                    = {Isogeny covariant differential modular forms and the space of elliptic curves up to isogeny},
  Author                   = {Barcau, M.A.},
  Journal                  = {Compositio Mathematica},
  Year                     = {2003},
  Number                   = {3},
  Pages                    = {237--273},
  Volume                   = {137},

  Publisher                = {Springer}
}

@Article{Beilinson2005,
  Title                    = {Opers.},
  Author                   = {Beilinson, Alexander and Drinfeld, Vladimir},
  Year                     = {2005},

  Publisher                = {Citeseer}
}

@Article{Bh14,
  Title                    = {Algebraization and Tannaka duality},
  Author                   = {Bhatt, Bhargav},
  Journal                  = {arXiv preprint arXiv:1404.7483},
  Year                     = {2014}
}

@Article{Biswas2003,
  Title                    = {Connections on principal bundles over curves in positive characteristics},
  Author                   = {Biswas, Indranil and Subramanian, S},
  Journal                  = {Pacific journal of mathematics},
  Year                     = {2003},
  Number                   = {1},
  Pages                    = {11--22},
  Volume                   = {208}
}

@Article{Bloch1986,
  Title                    = {p-adic {\'e}tale cohomology},
  Author                   = {Bloch, Spencer and Kato, Kazuya},
  Journal                  = {Publications Math{\'e}matiques de l'Institut des Hautes {\'E}tudes Scientifiques},
  Year                     = {1986},
  Number                   = {1},
  Pages                    = {107--152},
  Volume                   = {63},

  Publisher                = {Springer}
}

@Article{Jacobi,
  Title                    = {De investigando ordine systematis aequationum differentialium vulgarium cujuscunque.},
  Author                   = {Borchardt, CW and Jocobi, CGJ},
  Journal                  = {Journal f{\"u}r die reine und angewandte Mathematik},
  Year                     = {1865},
  Pages                    = {297--320},
  Volume                   = {64}
}

@Article{Borger2011,
  Title                    = {The basic geometry of Witt vectors. II: Spaces},
  Author                   = {Borger, J.},
  Journal                  = {Mathematische Annalen},
  Year                     = {2011},
  Number                   = {4},
  Pages                    = {877--933},
  Volume                   = {351},

  Publisher                = {Springer}
}

@Article{Borger2009,
  Title                    = {Lambda-rings and the field with one element},
  Author                   = {Borger, J.},
  Journal                  = {Arxiv preprint arxiv:0906.3146},
  Year                     = {2009}
}

@Article{GOWV1,
  Title                    = {The basic geometry of {W}itt vectors, I: The affine case},
  Author                   = {Borger, J.},
  Journal                  = {Arxiv preprint arXiv:0801.1691},
  Year                     = {2008}
}

@Article{BW05,
  Title                    = {Plethystic algebra},
  Author                   = {Borger, J. and Wieland, B.},
  Journal                  = {Advances in Mathematics},
  Year                     = {2005},
  Number                   = {2},
  Pages                    = {246--283},
  Volume                   = {194},

  Publisher                = {Elsevier}
}

@Unpublished{GOWV2,
  Title                    = {Lambda structures on $\mathbb{P}^1$},
  Author                   = {Borger, James, Zieve Michael,},
  Note                     = {personal communicationM},
  Year                     = {2012},

  Owner                    = {tdupu},
  Timestamp                = {2012.06.27}
}

@Misc{BLR,
  Title                    = {Neron models, Ergeb. der Math. 21},

  Author                   = {Bosch, S and L{\"u}tkebohmert, W and Raynaud, M},
  Year                     = {1990},

  Publisher                = {Springer Verlag}
}

@Article{Boston2009,
  Title                    = {Random pro-p groups, braid groups, and random tame Galois groups},
  Author                   = {Boston, N. and Ellenberg, J.S. and THOMAS, R.B.Y.},
  Journal                  = {preprint},
  Year                     = {2009}
}

@Book{Boyer2010,
  Title                    = {A history of mathematics},
  Author                   = {Boyer, C.B. and Merzbach, U.C.},
  Publisher                = {Wiley},
  Year                     = {2010}
}

@Article{BC12,
  Title                    = {Tensor functors between categories of quasi-coherent sheaves},
  Author                   = {Brandenburg, Martin and Chirvasitu, Alexandru},
  Journal                  = {Journal of Algebra},
  Year                     = {2014},
  Pages                    = {675--692},
  Volume                   = {399},

  Publisher                = {Elsevier}
}

@Article{Buium2016,
  author     = {Buium, Alexandru and Dupuy, Taylor},
  title      = {Arithmetic differential equations on {$GL_n$}, {III} {G}alois groups},
  journal    = {Selecta Math. (N.S.)},
  year       = {2016},
  volume     = {22},
  number     = {2},
  pages      = {529--552},
  issn       = {1022-1824},
  doi        = {10.1007/s00029-015-0197-7},
  url        = {https://doi-org.ezproxy.uvm.edu/10.1007/s00029-015-0197-7},
  fjournal   = {Selecta Mathematica. New Series},
  mrclass    = {11E57 (12H05)},
  mrnumber   = {3477328},
  mrreviewer = {P. Bundschuh},
}

@Article{Buium2016a,
  author     = {Buium, Alexandru and Dupuy, Taylor},
  title      = {Arithmetic differential equations on {$GL_n$}, {II}: arithmetic {L}ie-{C}artan theory},
  journal    = {Selecta Math. (N.S.)},
  year       = {2016},
  volume     = {22},
  number     = {2},
  pages      = {447--528},
  issn       = {1022-1824},
  doi        = {10.1007/s00029-015-0194-x},
  url        = {https://doi-org.ezproxy.uvm.edu/10.1007/s00029-015-0194-x},
  fjournal   = {Selecta Mathematica. New Series},
  mrclass    = {11E57 (12H05)},
  mrnumber   = {3477327},
  mrreviewer = {Mihran Papikian},
}

@Article{Buium2016b,
  author   = {Buium, Alexandru and Dupuy, Taylor},
  title    = {Arithmetic differential equations on {$GL_n$}, {I}: {D}ifferential cocycles},
  journal  = {J. Algebra},
  year     = {2016},
  volume   = {454},
  pages    = {273--291},
  issn     = {0021-8693},
  doi      = {10.1016/j.jalgebra.2016.01.026},
  url      = {https://doi-org.ezproxy.uvm.edu/10.1016/j.jalgebra.2016.01.026},
  fjournal = {Journal of Algebra},
  mrclass  = {11E57 (12H05)},
  mrnumber = {3473428},
}

@Article{Buium2006,
  Title                    = {A differential equation satisfied by the arithmetic Kodaira--Spencer class},
  Author                   = {Buium, A.},
  Journal                  = {Journal of Number Theory},
  Year                     = {2006},
  Number                   = {2},
  Pages                    = {297--306},
  Volume                   = {119},

  Publisher                = {Elsevier}
}

@Book{Buium2005,
  Title                    = {Arithmetic differential equations},
  Author                   = {Buium, A.},
  Publisher                = {Amer Mathematical Society},
  Year                     = {2005},
  Volume                   = {118}
}

@Article{Buium2000,
  Title                    = {Differential modular forms},
  Author                   = {Buium, A.},
  Journal                  = {Journal fur die Reine und Angewandte Mathematik (Crelle)},
  Year                     = {2000},
  Pages                    = {95--168},
  Volume                   = {520},

  Owner                    = {tdupu},
  Publisher                = {Berlin, W. de Gruyter.},
  Timestamp                = {2012.06.20}
}

@Article{Buium1997,
  Title                    = {Differential characters and characteristic polynomial of Frobenius},
  Author                   = {Buium, A.},
  Journal                  = {Journal fur die Reine und Angewandte Mathematik},
  Year                     = {1997},
  Pages                    = {209--219},

  Publisher                = {WALTER DE GRUYTER}
}

@Article{Buium1997a,
  Title                    = {Arithmetic analogues of derivations},
  Author                   = {Buium, A.},
  Journal                  = {Journal of Algebra},
  Year                     = {1997},
  Number                   = {1},
  Pages                    = {290--299},
  Volume                   = {198},

  Publisher                = {Elsevier}
}

@Article{Buium1997b,
  Title                    = {Differential characters and characteristic polynomial of Frobenius},
  Author                   = {Buium, Alexandru},
  Journal                  = {Journal fur die Reine und Angewandte Mathematik},
  Year                     = {1997},
  Pages                    = {209--219},

  Publisher                = {Walter de Gruyter}
}

@Article{Buium1996,
  Title                    = {Geometry of $ p $-jets},
  Author                   = {Buium, A.},
  Journal                  = {Duke Mathematical Journal},
  Year                     = {1996},
  Number                   = {2},
  Pages                    = {349--367},
  Volume                   = {82},

  Publisher                = {Duke University Press}
}

@Article{Buium1995,
  Title                    = {Differential characters of abelian varieties over p-adic fields},
  Author                   = {Buium, A.},
  Journal                  = {Inventiones Mathematicae},
  Year                     = {1995},
  Number                   = {1},
  Pages                    = {309--340},
  Volume                   = {122},

  Publisher                = {Springer}
}

@Book{Buium1994,
  Title                    = {Differential algebra and Diophantine geometry},
  Author                   = {Buium, A.},
  Publisher                = {Hermann Paris},
  Year                     = {1994}
}

@Article{Buium1994a,
  Title                    = {Geometry of differential polynomial functions, II: algebraic curves},
  Author                   = {Buium, A.},
  Journal                  = {American Journal of Mathematics},
  Year                     = {1994},
  Number                   = {4},
  Pages                    = {785--818},
  Volume                   = {116},

  Publisher                = {JSTOR}
}

@Article{Buium1993,
  Title                    = {Effective bound for the geometric Lang conjecture},
  Author                   = {Buium, A.},
  Journal                  = {Duke Mathematical Journal},
  Year                     = {1993},
  Number                   = {2},
  Pages                    = {475--499},
  Volume                   = {71},

  Publisher                = {Duke University Press}
}

@Article{buium1993geometry,
  Title                    = {Geometry of differential polynomial functions, I: algebraic groups},
  Author                   = {Buium, Alexandru},
  Journal                  = {American Journal of Mathematics},
  Year                     = {1993},
  Pages                    = {1385--1444},

  Publisher                = {JSTOR}
}

@Article{GDPF1,
  Title                    = {Geometry of differential polynomial functions, I: algebraic groups},
  Author                   = {Buium, A.},
  Journal                  = {American Journal of Mathematics},
  Year                     = {1993},
  Number                   = {6},
  Pages                    = {1385--1444},
  Volume                   = {115},

  Publisher                = {JSTOR}
}

@Article{Buium1992,
  Title                    = {Intersections in jet spaces and a conjecture of S. Lang},
  Author                   = {Buium, A.},
  Journal                  = {The Annals of Mathematics},
  Year                     = {1992},
  Number                   = {3},
  Pages                    = {557--567},
  Volume                   = {136},

  Publisher                = {JSTOR}
}

@Article{Buium1987,
  Title                    = {Fields of definition of algebraic varieties in characteristic zero},
  Author                   = {Buium, A.},
  Journal                  = {Compositio Math},
  Year                     = {1987},
  Number                   = {3},
  Pages                    = {339--352},
  Volume                   = {61},

  Owner                    = {tdupu},
  Timestamp                = {2012.06.20}
}

@Article{Buium1999,
  Title                    = {Differential algebraic geometry and differential algebraic groups: from algebraic differential equations to diophantine geometry},
  Author                   = {Buium, A. and Cassidy, P.J.},
  Journal                  = {Amer. Math. Soc., Providence, RI},
  Year                     = {1999},
  Pages                    = {567}
}

@Article{Buium2013,
  Title                    = {Arithmetic Differential Equations of Painleve'VI Type},
  Author                   = {Buium, Alexandru and Manin, Yuri I},
  Journal                  = {arXiv preprint arXiv:1307.3841},
  Year                     = {2013}
}

@Article{Buium2009,
  Title                    = {Independence of points on elliptic curves arising from special points on modular and Shimura curves, II: local results},
  Author                   = {Buium, A. and Poonen, B.},
  Journal                  = {Compositio Mathematica},
  Year                     = {2009},
  Number                   = {03},
  Pages                    = {566--602},
  Volume                   = {145},

  Publisher                = {Cambridge Univ Press}
}

@Article{Buium2009a,
  Title                    = {Independence of points on elliptic curves arising from special points on modular and Shimura curves, I: Global results},
  Author                   = {Buium, A. and Poonen, B.},
  Journal                  = {Duke Mathematical Journal},
  Year                     = {2009},
  Number                   = {1},
  Pages                    = {181--191},
  Volume                   = {147},

  Publisher                = {Duke University Press}
}

@Article{Carnielli,
  Title                    = {Proof theory for contemporary logic by handling polynomials over finite fields},
  Author                   = {Carnielli, W. and Matulovic, M.},
  Note                     = {Lecture Notes}
}

@Article{Chai2012,
  Title                    = {Abelian varieties isogenous to a Jacobian},
  Author                   = {Chai, C-L and Oort, Frans and others},
  Journal                  = {Annals of Mathematics},
  Year                     = {2012},
  Number                   = {1},
  Pages                    = {589--635},
  Volume                   = {176}
}

@Article{Chavdarov1997,
  Title                    = {The generic irreducibility of the numerator of the zeta function in a family of curves with large monodromy},
  Author                   = {Chavdarov, Nick and others},
  Journal                  = {Duke Mathematical Journal},
  Year                     = {1997},
  Number                   = {1},
  Pages                    = {151--180},
  Volume                   = {87},

  Publisher                = {Duke University Press}
}

@Article{Chavdarov1997a,
  Title                    = {The generic irreducibility of the numerator of the zeta function in a family of curves with large monodromy},
  Author                   = {Chavdarov, Nick and others},
  Journal                  = {Duke Mathematical Journal},
  Year                     = {1997},
  Number                   = {1},
  Pages                    = {151--180},
  Volume                   = {87},

  Publisher                = {Duke University Press}
}

@InProceedings{Christ1990,
  Title                    = {AT (b) theorem with remarks on analytic capacity and the Cauchy integral},
  Author                   = {Christ, M.},
  Booktitle                = {Colloq. Math},
  Year                     = {1990},
  Number                   = {61},
  Pages                    = {2},
  Volume                   = {60}
}

@Article{Coleman1987,
  Title                    = {Torsion points on curves},
  Author                   = {Coleman, Robert},
  Journal                  = {Galois representations and arithmetic algebraic geometry},
  Year                     = {1987},
  Pages                    = {235--247},
  Volume                   = {12}
}

@Article{Connes2012,
  Title                    = {The universal thickening of the field of real numbers},
  Author                   = {Connes, A. and Consani, C.},
  Journal                  = {Arxiv preprint arXiv:1202.4377},
  Year                     = {2012},

  Owner                    = {tdupu},
  Timestamp                = {2012.06.20}
}

@Article{Connes2011,
  Title                    = {On the notion of geometry over FF1},
  Author                   = {Connes, A. and Consani, C.},
  Journal                  = {J. Algebraic Geom},
  Year                     = {2011},
  Pages                    = {525--557},
  Volume                   = {20}
}

@Article{Connes2009,
  Title                    = {Fun with},
  Author                   = {Connes, A. and Consani, C. and Marcolli, M.},
  Journal                  = {Journal of Number Theory},
  Year                     = {2009},
  Number                   = {6},
  Pages                    = {1532--1561},
  Volume                   = {129},

  Publisher                = {Elsevier}
}

@Misc{Conrad2007,
  Title                    = {Several approaches to non-archimedean geometry},

  Author                   = {Conrad, B.},
  Year                     = {2007},

  Owner                    = {tdupu},
  Timestamp                = {2012.06.20}
}

@Article{Conrad2009,
  Title                    = {The different ideal, 2009},
  Author                   = {Conrad, Keith},
  Journal                  = {Availab le at http://www. math. uconn. edu/kconrad/blurbs/, las t accessed},
  Year                     = {2009},
  Volume                   = {12}
}

@Article{Crandall1997,
  Title                    = {A search for Wieferich and Wilson primes},
  Author                   = {Crandall, Richard and Dilcher, Karl and Pomerance, Carl},
  Journal                  = {Mathematics of Computation of the American Mathematical Society},
  Year                     = {1997},
  Number                   = {217},
  Pages                    = {433--449},
  Volume                   = {66}
}

@Article{Davis2011,
  Title                    = {Witt vectors with p-adic coefficients and Fontaine’s rings},
  Author                   = {Davis, C. and Kedlaya, K.S.},
  Journal                  = {preprint},
  Year                     = {2011},

  Publisher                = {Citeseer}
}

@InCollection{DeJong1991,
  Title                    = {Jacobians with complex multiplication},
  Author                   = {De Jong, Johan and Noot, Rutger},
  Booktitle                = {Arithmetic algebraic geometry},
  Publisher                = {Springer},
  Year                     = {1991},
  Pages                    = {177--192}
}

@Article{Deligne1980,
  Title                    = {La conjecture de Weil. II},
  Author                   = {Deligne, P.},
  Journal                  = {Publications Math{\'e}matiques de l'IHES},
  Year                     = {1980},
  Number                   = {1},
  Pages                    = {137--252},
  Volume                   = {52},

  Owner                    = {tdupu},
  Publisher                = {Springer},
  Timestamp                = {2012.06.20}
}

@Article{Deligne1974,
  Title                    = {La conjecture de Weil. I},
  Author                   = {Deligne, P.},
  Journal                  = {Publications math{\'e}matiques de l'IH{\'E}S},
  Year                     = {1974},
  Number                   = {1},
  Pages                    = {273--307},
  Volume                   = {43},

  Owner                    = {tdupu},
  Publisher                = {Springer},
  Timestamp                = {2012.06.20}
}

@InCollection{Deligne1973,
  Title                    = {Cohomologie des intersections completes},
  Author                   = {Deligne, Pierre},
  Booktitle                = {Groupes de monodromie en g{\'e}om{\'e}trie alg{\'e}brique},
  Publisher                = {Springer},
  Year                     = {1973},
  Pages                    = {39--61}
}

@Article{Deligne1987,
  Title                    = {Rel{\`e}vements modulop 2 et d{\'e}composition du complexe de de Rham},
  Author                   = {Deligne, P. and Illusie, L.},
  Journal                  = {Inventiones Mathematicae},
  Year                     = {1987},
  Number                   = {2},
  Pages                    = {247--270},
  Volume                   = {89},

  Owner                    = {tdupu},
  Publisher                = {Springer},
  Timestamp                = {2012.06.20}
}

@Article{Deninger2005,
  Title                    = {Arithmetic geometry and analysis on foliated spaces},
  Author                   = {Deninger, C.},
  Journal                  = {Arizona Winter School Notes},
  Year                     = {2005},

  Owner                    = {tdupu},
  Timestamp                = {2012.06.20},
  Url                      = {http://swc.math.arizona.edu/dls/DLSDeninger.pdf}
}

@Article{Deninger1998,
  Title                    = {Some analogies between number theory and dynamical systems on foliated spaces},
  Author                   = {Deninger, C.},
  Journal                  = {Doc. Math. J. DMV. Extra},
  Year                     = {1998},
  Pages                    = {23--46},
  Volume                   = {901}
}

@Article{Deninger1994,
  Title                    = {Motivic L-functions and regularized determinants},
  Author                   = {Deninger, C.},
  Journal                  = {Proc. Symp. Pure Math.},
  Year                     = {1994},
  Number                   = {1},
  Pages                    = {707-743},
  Volume                   = {55}
}

@InProceedings{Deninger1994a,
  Title                    = {Motivic L-functions and regularized determinants},
  Author                   = {Deninger, Christopher},
  Booktitle                = {Proc. Symp. Pure Math},
  Year                     = {1994},
  Number                   = {1},
  Pages                    = {707--743},
  Volume                   = {55}
}

@Article{Deninger1992,
  Title                    = {LocalL-factors of motives and regularized determinants},
  Author                   = {Deninger, C.},
  Journal                  = {Inventiones mathematicae},
  Year                     = {1992},
  Number                   = {1},
  Pages                    = {135--150},
  Volume                   = {107},

  Publisher                = {Springer}
}

@Article{Deninger1991,
  Title                    = {On the $\Gamma$-factors attached to motives},
  Author                   = {Deninger, C.},
  Journal                  = {Inventiones Mathematicae},
  Year                     = {1991},
  Number                   = {1},
  Pages                    = {245--261},
  Volume                   = {104},

  Publisher                = {Springer}
}

@Article{Deninger1991a,
  Title                    = {The Beilinson conjectures},
  Author                   = {Deninger, C. and Scholl, A.J.},
  Journal                  = {London Math. Soc. Lecture Notes},
  Year                     = {1991},
  Pages                    = {173--209},
  Volume                   = {153}
}

@Book{Dummit2004,
  Title                    = {Abstract algebra},
  Author                   = {Dummit, D.S. and Foote, R.M.},
  Publisher                = {Wiley},
  Year                     = {2004},
  Number                   = {4292},
  Volume                   = {9},

  Owner                    = {tdupu},
  Timestamp                = {2012.06.20}
}

@Book{Duoandikoetxea2001,
  Title                    = {Fourier analysis},
  Author                   = {Duoandikoetxea, J. and Cruz-Uribe, D.},
  Publisher                = {American Mathematical Society Providence, RI},
  Year                     = {2001}
}

@Article{Dupuy2017b,
  author     = {Dupuy, Taylor},
  title      = {Examples of geometric {B}ombieri-{L}ang-{N}oguchi outside {M}ordell-{L}ang: nonrigid varieties with ample but not globally generated cotangent bundle},
  journal    = {J. Number Theory},
  year       = {2017},
  volume     = {175},
  pages      = {158--166},
  issn       = {0022-314X},
  doi        = {10.1016/j.jnt.2016.09.037},
  url        = {https://doi-org.ezproxy.uvm.edu/10.1016/j.jnt.2016.09.037},
  fjournal   = {Journal of Number Theory},
  mrclass    = {14G25 (11G05)},
  mrnumber   = {3608185},
  mrreviewer = {Laura Capuano},
}

@Book{Dupuy2014,
  author    = {Taylor Dupuy},
  title     = {Arithmetic {D}eformation {T}heory},
  year      = {2013},
  note      = {Thesis (Ph.D.)--The University of New Mexico},
  publisher = {ProQuest LLC, Ann Arbor, MI},
  isbn      = {978-1303-51808-9},
  pages     = {155},
  url       = {http://gateway.proquest.com.ezproxy.uvm.edu/openurl?url_ver=Z39.88-2004&rft_val_fmt=info:ofi/fmt:kev:mtx:dissertation&res_dat=xri:pqm&rft_dat=xri:pqdiss:3601181},
  mrclass   = {Thesis},
  mrnumber  = {3193187},
}

@Article{Dupuy2014a,
  author     = {Dupuy, Taylor},
  title      = {Positivity and lifts of the {F}robenius},
  journal    = {Math. Res. Lett.},
  year       = {2014},
  volume     = {21},
  number     = {2},
  pages      = {289--295},
  issn       = {1073-2780},
  doi        = {10.4310/MRL.2014.v21.n2.a7},
  url        = {https://doi-org.ezproxy.uvm.edu/10.4310/MRL.2014.v21.n2.a7},
  fjournal   = {Mathematical Research Letters},
  mrclass    = {11G05 (13F35 14G40)},
  mrnumber   = {3247057},
  mrreviewer = {Ariyan Javanpeykar},
}

@Article{Dupuy2023b,
  author  = {Taylor Dupuy and James Freitag},
  title   = {Order one differential equations on nonisotrivial algebraic curves},
  journal = {arXiv:2309.02327},
  year    = {2023},
}

@Article{Dupuy2024c,
  author   = {Dupuy, Taylor and Hrushovski, Ehud},
  title    = {The theory of the entire algebraic functions},
  doi      = {10.1093/imrn/rnad313},
  issn     = {1073-7928,1687-0247},
  number   = {10},
  pages    = {8609--8617},
  url      = {https://doi.org/10.1093/imrn/rnad313},
  fjournal = {International Mathematics Research Notices. IMRN},
  journal  = {Int. Math. Res. Not. IMRN},
  mrclass  = {12L05 (03C40 11U05 14H51)},
  mrnumber = {4749176},
  year     = {2024},
}

@Article{Dupuy2016,
  author     = {Dupuy, Taylor and Weirich, David E.},
  title      = {Bits of {$3^n$} in binary, {W}ieferich primes and a conjecture of {E}rdos},
  journal    = {J. Number Theory},
  year       = {2016},
  volume     = {158},
  pages      = {268--280},
  issn       = {0022-314X},
  doi        = {10.1016/j.jnt.2015.05.022},
  url        = {https://doi-org.ezproxy.uvm.edu/10.1016/j.jnt.2015.05.022},
  fjournal   = {Journal of Number Theory},
  mrclass    = {11A63 (11A41)},
  mrnumber   = {3393551},
  mrreviewer = {Manfred G. Madritsch},
}

@PhdThesis{Dupuy2013,
  author      = {T. Dupuy},
  title       = {Arithmetic deformation classes associated to curves},
  institution = {University of New Mexico},
  year        = {2013},
  journal     = {Thesis},
}

@Article{Durov2007,
  author    = {Durov, N.},
  title     = {New approach to Arakelov geometry},
  journal   = {arXiv:0704.2030},
  year      = {2007},
  owner     = {tdupu},
  timestamp = {2012.06.20},
}

@Article{Dvir2009,
  Title                    = {On the size of Kakeya sets in finite fields},
  Author                   = {Dvir, Z.},
  Journal                  = {J. Amer. Math. Soc},
  Year                     = {2009},
  Number                   = {4},
  Pages                    = {1093--1097},
  Volume                   = {22}
}

@Article{Dwork1960,
  Title                    = {On the rationality of the zeta function of an algebraic variety},
  Author                   = {Dwork, B.},
  Journal                  = {American Journal of Mathematics},
  Year                     = {1960},
  Number                   = {3},
  Pages                    = {631--648},
  Volume                   = {82},

  Publisher                = {JSTOR}
}

@Article{Dwork1986,
  Title                    = {Canonical liftings of Jacobians},
  Author                   = {Dwork, B and Ogus, A},
  Journal                  = {Compositio Mathematica},
  Year                     = {1986},
  Number                   = {1},
  Pages                    = {111--131},
  Volume                   = {58}
}

@Article{Ein2006,
  Title                    = {Jet schemes and singularities},
  Author                   = {Ein, L. and Mustata, M.},
  Journal                  = {Arxiv preprint math/0612862},
  Year                     = {2006}
}

@Book{Eisenbud1995,
  Title                    = {Commutative algebra with a view toward algebraic geometry},
  Author                   = {Eisenbud, D.},
  Publisher                = {Springer},
  Year                     = {1995},
  Volume                   = {150}
}

@Book{Eisenbud2000,
  Title                    = {The geometry of schemes},
  Author                   = {Eisenbud, D. and Harris, J.},
  Publisher                = {Springer Verlag},
  Year                     = {2000}
}

@Article{Ellenberg2010,
  Title                    = {The Kakeya set and maximal conjectures for algebraic varieties over finite fields},
  Author                   = {Ellenberg, J.S. and Oberlin, R. and Tao, T.},
  Journal                  = {Mathematika},
  Year                     = {2010},
  Number                   = {01},
  Pages                    = {1--25},
  Volume                   = {56},

  Publisher                = {Cambridge Univ Press}
}

@Article{Ellenberg2009,
  Title                    = {Homological stability for Hurwitz spaces and the Cohen-Lenstra conjecture over function fields},
  Author                   = {Ellenberg, J.S. and Venkatesh, A. and Westerland, C.},
  Journal                  = {Arxiv preprint arXiv:0912.0325},
  Year                     = {2009}
}

@Article{ErdHos1979,
  Title                    = {Some unconventional problems in number theory},
  Author                   = {Erd{\H{o}}s, P},
  Journal                  = {Acta Mathematica Hungarica},
  Year                     = {1979},
  Number                   = {1},
  Pages                    = {71--80},
  Volume                   = {33},

  Publisher                = {Springer}
}

@Article{Evans1991,
  Title                    = {Projective planes in algebraically closed fields},
  Author                   = {Evans, David M and Hrushovski, Ehud},
  Journal                  = {Proceedings of the London Mathematical Society},
  Year                     = {1991},
  Number                   = {1},
  Pages                    = {1--24},
  Volume                   = {3},

  Publisher                = {Oxford University Press}
}

@Article{Faltings1999,
  Title                    = {Does there exist an arithmetic Kodaira-Spencer class?},
  Author                   = {Faltings, G.},
  Journal                  = {Contemporary Mathematics},
  Year                     = {1999},
  Pages                    = {141--146},
  Volume                   = {241},

  Owner                    = {tdupu},
  Publisher                = {Providence, RI: American Mathematical Society},
  Timestamp                = {2012.06.20}
}

@Article{Faltings1983,
  Title                    = {Endlichkeitss{\"a}tze f{\"u}r abelsche Variet{\"a}ten {\"u}ber Zahlk{\"o}rpern},
  Author                   = {Faltings, G.},
  Journal                  = {Inventiones mathematicae},
  Year                     = {1983},
  Number                   = {3},
  Pages                    = {349--366},
  Volume                   = {73},

  Publisher                = {Springer}
}

@Article{Fernex2012,
  author  = {de Fernex, T.},
  title   = {A 3-dimensional counter-example to the Nash problem},
  journal = {arXiv:1205.0603},
  year    = {2012},
}

@Article{Fernex2012a,
  author  = {de Fernex, Tommaso},
  title   = {Three-dimensional counter-examples to the Nash problem},
  journal = {arXiv:1205.0603},
  year    = {2012},
}

@Article{dF14,
  Title                    = {Terminal valuations and the Nash problem},
  Author                   = {de Fernex, Tommaso and Docampo, Roi},
  Journal                  = {arXiv preprint arXiv:1404.0762},
  Year                     = {2014}
}

@Article{Finotti2012,
  Title                    = {Coordinates of the j-invariant of the canonical lifting},
  Author                   = {Finotti, L.R.A.},
  Year                     = {2012},
  Note                     = {To appear at the Functiones et Approximatio Commentarii Mathematici.}
}

@Article{Finotti2010,
  Title                    = {Lifting the j-invariant: Questions of {M}azur and {T}ate},
  Author                   = {Finotti, L.R.A.},
  Journal                  = {Journal of Number Theory},
  Year                     = {2010},
  Number                   = {3},
  Pages                    = {620--638},
  Volume                   = {130},

  Publisher                = {Elsevier}
}

@Article{Fontaine2008,
  Title                    = {Theory of p-adic Galois representations},
  Author                   = {Fontaine, Jean-Marc and Ouyang, Yi},
  Journal                  = {preprint},
  Year                     = {2008}
}

@Article{Fresan2009,
  Title                    = {Compactification projective de Spec Z (d'apres Durov)},
  Author                   = {Fresan, J.},
  Journal                  = {Arxiv preprint arXiv:0908.4059},
  Year                     = {2009},

  Owner                    = {tdupu},
  Timestamp                = {2012.06.20}
}

@Book{Frey1986,
  Title                    = {Links between stable elliptic curves and certain diophantine equations},
  Author                   = {Frey, Gerhard},
  Publisher                = {Universit{\"a}t des Saarlandes},
  Year                     = {1986}
}

@Book{Fulton1984,
  Title                    = {Intersection theory},
  Author                   = {Fulton, W. and Fulton, B. and Fulton, B. and Fulton, B.},
  Publisher                = {Springer Berlin},
  Year                     = {1984},
  Volume                   = {1998},

  Owner                    = {tdupu},
  Timestamp                = {2012.06.20}
}

@Article{Gortz2010,
  Title                    = {Schemes},
  Author                   = {G{\"o}rtz, U. and Wedhorn, T.},
  Journal                  = {Algebraic Geometry I},
  Year                     = {2010},
  Pages                    = {66--92},

  Owner                    = {tdupu},
  Publisher                = {Springer},
  Timestamp                = {2012.06.20}
}

@Article{Gillet2002,
  Title                    = {Differential algebra—a scheme theory approach},
  Author                   = {Gillet, H.},
  Journal                  = {Differential algebra and related topics (Newark, NJ, 2000)},
  Year                     = {2002},
  Pages                    = {95--123},

  Owner                    = {tdupu},
  Timestamp                = {2012.06.20}
}

@Article{Glen2004,
  Title                    = {Computing the distribution of the product of two continuous random variables},
  Author                   = {Glen, A.G. and Leemis, L.M. and Drew, J.H.},
  Journal                  = {Computational statistics \& data analysis},
  Year                     = {2004},
  Number                   = {3},
  Pages                    = {451--464},
  Volume                   = {44},

  Publisher                = {Elsevier}
}

@Article{Grauert1965,
  Title                    = {Mordells Vermutung {\"u}ber rationale Punkte auf algebraischen Kurven und Funktionenk{\"o}rper},
  Author                   = {Grauert, H.},
  Journal                  = {Publications Math{\'e}matiques de l'IH{\'E}S},
  Year                     = {1965},
  Number                   = {1},
  Pages                    = {131--149},
  Volume                   = {25},

  Publisher                = {Springer}
}

@Article{Greuel2000,
  Title                    = {Computer algebra and algebraic geometry-achievements and perspectives},
  Author                   = {Greuel, G.M.},
  Journal                  = {Arxiv preprint math/0002247},
  Year                     = {2000}
}

@InProceedings{Grothendieck1968,
  Title                    = {Standard conjectures on algebraic cycles},
  Author                   = {Grothendieck, A.},
  Booktitle                = {Algebraic geometry. International Colloq., Tata Inst., Bombay},
  Year                     = {1968},
  Pages                    = {193--199},

  Owner                    = {tdupu},
  Timestamp                = {2012.06.20}
}

@Article{Grothendieck1966,
  Title                    = {Formule de Lefschetz et rationalit{\'e} des fonctions L},
  Author                   = {Grothendieck, A.},
  Journal                  = {S{\'e}minaire Bourbaki},
  Year                     = {1966},
  Pages                    = {41--55},
  Volume                   = {9}
}

@Article{Grothendieck1966a,
  Title                    = {On the de Rham cohomology of algebraic varieties},
  Author                   = {Grothendieck, Alexander},
  Journal                  = {Publications Math{\'e}matiques de l'Institut des Hautes {\'E}tudes Scientifiques},
  Year                     = {1966},
  Number                   = {1},
  Pages                    = {95--103},
  Volume                   = {29},

  Publisher                = {Springer}
}

@Book{Hartshorne1977,
  Title                    = {Algebraic geometry},
  Author                   = {Hartshorne, R.},
  Publisher                = {Springer},
  Year                     = {1977},
  Volume                   = {52}
}

@Book{Hartshorne1967,
  Title                    = {Foundations of projective geometry},
  Author                   = {Hartshorne, R.},
  Publisher                = {WA Benjamin},
  Year                     = {1967},

  Owner                    = {tdupu},
  Timestamp                = {2012.06.20}
}

@Article{Hazewinkel2009,
  Title                    = {Witt vectors. Part 1},
  Author                   = {Hazewinkel, M.},
  Journal                  = {Handbook of algebra},
  Year                     = {2009},
  Pages                    = {319--472},
  Volume                   = {6},

  Publisher                = {Elsevier}
}

@Book{Hindry2000,
  Title                    = {Diophantine geometry: an introduction},
  Author                   = {Hindry, Marc and Silverman, Joseph H},
  Publisher                = {Springer},
  Year                     = {2000},
  Volume                   = {201}
}

@Article{Host2010,
  Title                    = {A point of view on Gowers uniformity norms},
  Author                   = {Host, B. and Kra, B.},
  Journal                  = {Arxiv preprint arXiv:1010.0414},
  Year                     = {2010}
}

@Article{Hrushovski2004,
  Title                    = {The elementary theory of the Frobenius automorphisms},
  Author                   = {Hrushovski, Ehud},
  Journal                  = {arXiv preprint math/0406514},
  Year                     = {2004}
}

@Article{hrushovski2004elementary,
  Title                    = {The elementary theory of the Frobenius automorphisms},
  Author                   = {Hrushovski, Ehud},
  Journal                  = {arXiv preprint math/0406514},
  Year                     = {2004}
}

@Article{Hrushovski1996,
  Title                    = {The Mordell-Lang conjecture for function fields},
  Author                   = {Ehud Hrushovski},
  Journal                  = {J. Amer. Math. Soc},
  Year                     = {1996},
  Pages                    = {667--690},
  Volume                   = {9}
}

@Article{Hrushovski2003,
  Title                    = {On model complete differential fields},
  Author                   = {Hrushovski, Ehud and Itai, Masanori},
  Journal                  = {Transactions of the American Mathematical Society},
  Year                     = {2003},
  Number                   = {11},
  Pages                    = {4267--4296},
  Volume                   = {355}
}

@Article{Hurlburt2005,
  Title                    = {Computing isogeny covariant differential modular forms},
  Author                   = {Hurlburt, C.},
  Journal                  = {Mathematics of computation},
  Year                     = {2005},
  Number                   = {250},
  Pages                    = {905--926},
  Volume                   = {74},

  Publisher                = {Washington, DC: National Academy of Sciences-National Research Council,[1960?-}
}

@Article{Hurlburt2003,
  Title                    = {Zero loci of differential modular forms},
  Author                   = {Hurlburt, C.},
  Journal                  = {Journal of Number Theory},
  Year                     = {2003},
  Number                   = {1},
  Pages                    = {47--54},
  Volume                   = {98},

  Publisher                = {Elsevier}
}

@Article{Hurlburt2001,
  Title                    = {Isogeny covariant differential modular forms modulo p},
  Author                   = {Hurlburt, C.},
  Journal                  = {Compositio Mathematica},
  Year                     = {2001},
  Number                   = {1},
  Pages                    = {17--34},
  Volume                   = {128},

  Publisher                = {Springer}
}

@PhdThesis{Hurlburt1998,
  Title                    = {Isogeny Invariant Differential Modular Forms},
  Author                   = {Chris Hurlburt},
  School                   = {University of New Mexico, Albuquerque, United States},
  Year                     = {1998},

  Owner                    = {tdupu},
  Timestamp                = {2012.06.20}
}

@Article{Hytonen2010,
  Title                    = {Systems of dyadic cubes in a doubling metric space},
  Author                   = {Hyt{\"o}nen, T. and Kairema, A.},
  Journal                  = {arXiv preprint arXiv:1012.1985},
  Year                     = {2010}
}

@Article{Ile2004,
  Title                    = {Introduction to the Weil Conjectures},
  Author                   = {Ile, R.},
  Year                     = {2004},
  Note                     = {Lecture notes on talk given at University of Olso},

  Owner                    = {tdupu},
  Timestamp                = {2012.06.20}
}

@InProceedings{Illusie1991,
  Title                    = {Crystalline cohomology},
  Author                   = {Illusie, L.},
  Booktitle                = {Proc. Symp. Pure Math},
  Year                     = {1991},
  Pages                    = {43--70},
  Volume                   = {55},

  Owner                    = {tdupu},
  Timestamp                = {2012.06.20}
}

@Article{Illusie1976,
  Title                    = {Cohomologie cristalline},
  Author                   = {Illusie, L.},
  Journal                  = {S{\'e}minaire Bourbaki vol. 1974/75 Expos{\'e}s 453--470},
  Year                     = {1976},
  Pages                    = {53--60},

  Publisher                = {Springer}
}

@Article{Ish04,
  Title                    = {The arc space of a toric variety},
  Author                   = {Ishii, Shihoko},
  Journal                  = {Journal of Algebra},
  Year                     = {2004},
  Number                   = {2},
  Pages                    = {666--683},
  Volume                   = {278},

  Publisher                = {Elsevier}
}

@Book{Iwaniec1997,
  Title                    = {Topics in classical automorphic forms},
  Author                   = {Iwaniec, H.},
  Publisher                = {Amer Mathematical Society},
  Year                     = {1997},
  Volume                   = {17}
}

@Article{Joyal1985,
  Title                    = {$\delta$-anneaux et vecteurs de Witt},
  Author                   = {Joyal, A.},
  Journal                  = {CR Math. Rep. Acad. Sci. Canada},
  Year                     = {1985},
  Number                   = {3},
  Pages                    = {177--182},
  Volume                   = {7},

  Owner                    = {tdupu},
  Timestamp                = {2012.06.20}
}

@Article{Kapranov,
  Title                    = {Cohomology determinants and reciprocity laws: number field case},
  Author                   = {Kapranov, M. and Smirnov, A.},
  Journal                  = {Unpublished preprint},

  Owner                    = {tdupu},
  Timestamp                = {2012.06.20}
}

@Article{Kato1989,
  Title                    = {Logarithmic structures of Fontaine-Illusie},
  Author                   = {Kato, Kazuya},
  Journal                  = {Algebraic Analysis, Geometry and Number Theory},
  Year                     = {1989},
  Pages                    = {191--224}
}

@Article{Katz1981,
  Title                    = {Serre-Tate local moduli},
  Author                   = {Katz, N.},
  Journal                  = {Surfaces alg{\'e}briques},
  Year                     = {1981},
  Pages                    = {138--202},

  Publisher                = {Springer}
}

@Article{Katz1970,
  Title                    = {Nilpotent connections and the monodromy theorem: Applications of a result of Turrittin},
  Author                   = {Katz, N.M.},
  Journal                  = {Publications math{\'e}matiques de l'IHES},
  Year                     = {1970},
  Number                   = {1},
  Pages                    = {175--232},
  Volume                   = {39},

  Owner                    = {tdupu},
  Publisher                = {Springer},
  Timestamp                = {2012.06.20}
}

@Article{Katz1999,
  Title                    = {Zeroes of zeta functions and symmetry},
  Author                   = {Katz, N.M. and Sarnak, P.},
  Journal                  = {BULLETIN-AMERICAN MATHEMATICAL SOCIETY},
  Year                     = {1999},
  Pages                    = {1--26},
  Volume                   = {36},

  Owner                    = {tdupu},
  Publisher                = {American Mathematical Society},
  Timestamp                = {2012.06.20}
}

@InProceedings{Katz2014,
  Title                    = {Wieferich past and future},
  Author                   = {Katz, Nicholas M},
  Booktitle                = {Contemporary Mathematics: Proceedings of the 11th International Conference on Finite Fields, edited by Gary L. Mullen, Gohar M. Kyureghyan and Alexander Pott. AMS},
  Year                     = {2014}
}

@Article{Katz1979,
  Title                    = {Crystalline cohomology, Dieudonn{\'e} modules, and Jacobi sums},
  Author                   = {Katz, Nicholas M},
  Journal                  = {Automorphic forms, representation theory and arithmetic (Bombay, 1979)},
  Year                     = {1979},
  Pages                    = {165--246},
  Volume                   = {10}
}

@Article{Katz1972,
  Title                    = {Algebraic solutions of differential equations (p-curvature and the Hodge filtration)},
  Author                   = {Katz, Nicholas M},
  Journal                  = {Inventiones mathematicae},
  Year                     = {1972},
  Number                   = {1},
  Pages                    = {1--118},
  Volume                   = {18},

  Publisher                = {Springer}
}

@Article{Katz1971,
  Title                    = {On a theorem of Ax},
  Author                   = {Katz, Nicholas M},
  Journal                  = {American Journal of Mathematics},
  Year                     = {1971},
  Pages                    = {485--499},

  Publisher                = {JSTOR}
}

@Article{Kedlaya2007,
  Title                    = {Some new directions in p-adic Hodge theory},
  Author                   = {Kedlaya, K.S.},
  Journal                  = {Arxiv preprint arXiv:0709.1970},
  Year                     = {2007}
}

@Article{Kedlaya2006,
  Title                    = {Fourier transforms and p-adic “Weil II”},
  Author                   = {Kedlaya, K.S.},
  Journal                  = {Compos. Math},
  Year                     = {2006},
  Number                   = {6},
  Pages                    = {1426--1450},
  Volume                   = {142},

  Publisher                = {Cambridge Univ Press}
}

@Article{Kim2002,
  Title                    = {A note on Szpiro's inequality for curves of higher genus},
  Author                   = {Kim, Minhyong},
  Journal                  = {arXiv preprint math/0210356},
  Year                     = {2002}
}

@Article{Kim1997,
  Title                    = {Geometric height inequalities and the Kodaira--Spencer map},
  Author                   = {Kim, Minhyong},
  Journal                  = {Compositio Mathematica},
  Year                     = {1997},
  Number                   = {1},
  Pages                    = {43--54},
  Volume                   = {105},

  Publisher                = {Springer}
}

@Article{Kleiman,
  Title                    = {The Picard scheme},
  Author                   = {Kleiman, Steven L},
  Journal                  = {arXiv preprint math/0504020},
  Year                     = {2005}
}

@Book{Knapp1992,
  Title                    = {Elliptic curves},
  Author                   = {Knapp, A.W.},
  Publisher                = {Princeton Univ Pr},
  Year                     = {1992},
  Volume                   = {40},

  Owner                    = {tdupu},
  Timestamp                = {2012.06.20}
}

@Book{Kolchin,
  Title                    = {Differential algebra \& algebraic groups},
  Author                   = {Kolchin, Ellis Robert},
  Publisher                = {Academic press},
  Year                     = {1973},
  Volume                   = {54}
}

@Misc{Kowalski2008,
  Title                    = {Trying to understand Deligne's proof of the Weil conjectures},

  Author                   = {Kowalski, E.},
  Year                     = {2008},

  Owner                    = {tdupu},
  Timestamp                = {2012.06.20}
}

@Article{Kowalski2008a,
  Title                    = {The large sieve, monodromy, and zeta functions of algebraic curves, 2: independence of the zeros},
  Author                   = {Kowalski, Emmanuel},
  Journal                  = {International Mathematics Research Notices},
  Year                     = {2008},
  Pages                    = {rnn091},
  Volume                   = {2008},

  Publisher                = {Oxford University Press}
}

@Article{Kowalski2006,
  Title                    = {Weil numbers generated by other Weil numbers and torsion fields of abelian varieties},
  Author                   = {Kowalski, Emmanuel},
  Journal                  = {Journal of the London Mathematical Society},
  Year                     = {2006},
  Number                   = {2},
  Pages                    = {273--288},
  Volume                   = {74},

  Publisher                = {Oxford University Press}
}

@Article{Kra2006,
  Title                    = {The Green-Tao theorem on arithmetic progressions in the primes: an ergodic point of view},
  Author                   = {Kra, B.},
  Journal                  = {Bulletin of the American Mathematical Society},
  Year                     = {2006},
  Number                   = {1},
  Pages                    = {3--24},
  Volume                   = {43},

  Publisher                = {Providence, RI: The Society, 1979-}
}

@Article{Kurokawa1992,
  Title                    = {Multiple zeta functions: an example},
  Author                   = {Kurokawa, N.},
  Journal                  = {Adv. Stud. Pure Math},
  Year                     = {1992},
  Pages                    = {219--226},
  Volume                   = {21},

  Owner                    = {tdupu},
  Timestamp                = {2012.06.20}
}

@Book{Kurokawa1992a,
  Title                    = {Zeta functions in geometry},
  Author                   = {Kurokawa, N. and Sunada, T.},
  Publisher                = {Amer Mathematical Society},
  Year                     = {1992},
  Volume                   = {21},

  Owner                    = {tdupu},
  Timestamp                = {2012.06.20}
}

@Article{Kurokawa2004,
  Title                    = {Absolute tensor products},
  Author                   = {Kurokawa, N. and Wakayama, M.},
  Journal                  = {International Mathematics Research Notices},
  Year                     = {2004},
  Number                   = {5},
  Pages                    = {249--260},
  Volume                   = {2004},

  Publisher                = {Oxford University Press}
}

@Article{Lagarias2005,
  Title                    = {A Note on Absolute Derivations and Zeta Functions},
  Author                   = {Lagarias, J.},
  Journal                  = {Number Fields and Function Fields—Two Parallel Worlds},
  Year                     = {2005},
  Pages                    = {279--285},

  Publisher                = {Springer}
}

@Article{Lagarias2009,
  Title                    = {Ternary expansions of powers of 2},
  Author                   = {Lagarias, Jeffrey C},
  Journal                  = {Journal of the London Mathematical Society},
  Year                     = {2009},
  Number                   = {3},
  Pages                    = {562--588},
  Volume                   = {79},

  Publisher                = {Oxford University Press}
}

@Misc{Lang2002,
  Title                    = {Algebra, volume 211 of Graduate Texts in Mathematics},

  Author                   = {Lang, S.},
  Year                     = {2002},

  Publisher                = {Springer-Verlag, New York,}
}

@Article{Lang1990,
  Title                    = {Old and new conjectured Diophantine inequalities},
  Author                   = {Lang, Serge},
  Journal                  = {Bulletin of the American Mathematical Society},
  Year                     = {1990},
  Number                   = {1},
  Pages                    = {37--75},
  Volume                   = {23}
}

@Article{Lang1960,
  Title                    = {Some theorems and conjectures in diophantine equations},
  Author                   = {Lang, S.},
  Journal                  = {Bull. Amer. Math. Soc},
  Year                     = {1960},
  Pages                    = {240--249},
  Volume                   = {66}
}

@Article{Lang1954,
  Title                    = {Some applications of the local uniformization theorem},
  Author                   = {Lang, S.},
  Journal                  = {American Journal of Mathematics},
  Year                     = {1954},
  Pages                    = {362--374},

  Publisher                = {JSTOR}
}

@Article{Lang1952,
  Title                    = {On quasi-algebraic closure},
  Author                   = {Lang, S.},
  Journal                  = {Ann. of Math},
  Year                     = {1952},
  Number                   = {2},
  Pages                    = {373--390},
  Volume                   = {55}
}

@Misc{Laplace1772,
  Title                    = {M{\'e}moire sur les solutions particuli{\`e}res des {\'E}quations diff{\'e}rentielles, \& sur les in{\'e}galit{\'e}s s{\'e}culaires des Plan{\`e}tes},

  Author                   = {de Laplace, Pierre Simon},
  Year                     = {1772}
}

@Article{Laszlo2001,
  Title                    = {On the Hitchin morphism in positive characteristic},
  Author                   = {Laszlo, Yves and Pauly, Christian},
  Journal                  = {International Mathematics Research Notices},
  Year                     = {2001},
  Number                   = {3},
  Pages                    = {129--143},
  Volume                   = {2001},

  Publisher                = {Oxford University Press}
}

@Article{Lenstra1993,
  Title                    = {The Tate conjecture for almost ordinary abelian varieties over finite fields},
  Author                   = {Lenstra, HW and Zarhin, Yu G},
  Year                     = {1993}
}

@Book{Liu2006,
  Title                    = {Algebraic geometry and arithmetic curves},
  Author                   = {Liu, Q.},
  Publisher                = {Oxford University Press, USA},
  Year                     = {2006},
  Volume                   = {6}
}

@Article{Loeser2003,
  Title                    = {Motivic integration on smooth rigid varieties and invariants of degenerations},
  Author                   = {Loeser, Fran{\c{c}}ois and Sebag, Julien},
  Journal                  = {Duke Mathematical Journal},
  Year                     = {2003},
  Number                   = {2},
  Pages                    = {315--344},
  Volume                   = {119},

  Publisher                = {Duke University Press}
}

@Article{Lombardo,
  Title                    = {Explicit open image theorems for some abelian varieties with trivial endomorphism ring (2015)},
  Author                   = {Lombardo, Davide},
  Journal                  = {ArXiv e-prints}
}

@Article{Lorscheid2012,
  Title                    = {The geometry of blueprints. Part II: Tits-Weyl models of algebraic groups},
  Author                   = {Lorscheid, O.},
  Journal                  = {Arxiv preprint arXiv:1201.1324},
  Year                     = {2012},

  Owner                    = {tdupu},
  Timestamp                = {2012.06.20}
}

@Article{Lorscheid2012a,
  Title                    = {The geometry of blueprints: Part I: Algebraic background and scheme theory},
  Author                   = {Lorscheid, O.},
  Journal                  = {Advances in Mathematics},
  Year                     = {2012},
  Number                   = {3},
  Pages                    = {1804--1846},
  Volume                   = {229},

  Owner                    = {tdupu},
  Publisher                = {Elsevier},
  Timestamp                = {2012.06.20}
}

@Article{Lovasz1993,
  Title                    = {Random walks on graphs: A survey},
  Author                   = {Lov{\'a}sz, L.},
  Journal                  = {Combinatorics, Paul Erdos is Eighty},
  Year                     = {1993},
  Number                   = {1},
  Pages                    = {1--46},
  Volume                   = {2},

  Publisher                = {J{\'a}nos Bolyai Mathematical Society}
}

@Article{Lurie,
  Title                    = {Derived algebraic geometry VIII: Quasi-coherent sheaves and Tannaka duality theorems},
  Author                   = {Lurie, J},
  Journal                  = {preprint available from the authors webpage (May 2011)}
}

@Article{Lurie2011,
  Title                    = {Derived algebraic geometry XII: proper morphisms, completions, and the Grothendieck existence theorem},
  Author                   = {Lurie, Jacob},
  Journal                  = {Preprint available at http://www. math. harvard. edu/\~{} lurie},
  Year                     = {2011}
}

@Article{Manin1996,
  Title                    = {Rational points of algebraic curves over function fields},
  Author                   = {Manin, J.I.},
  Journal                  = {Selected papers of Yu. I. Manin},
  Year                     = {1996},
  Pages                    = {23},
  Volume                   = {3},

  Owner                    = {tdupu},
  Publisher                = {World Scientific Pub Co Inc},
  Timestamp                = {2012.06.20}
}

@Article{Manin2006,
  Title                    = {The notion of dimension in geometry and algebra},
  Author                   = {Manin, Y.I.},
  Journal                  = {Bulletin of the American Mathematical Society},
  Year                     = {2006},
  Number                   = {2},
  Pages                    = {139--162},
  Volume                   = {43},

  Owner                    = {tdupu},
  Publisher                = {Providence, RI: The Society, 1979-},
  Timestamp                = {2012.06.20}
}

@Article{Manin1995,
  Title                    = {Lectures on zeta functions and motives (according to Deninger and Kurokawa)},
  Author                   = {Manin, Y.},
  Journal                  = {Ast{\'e}risque},
  Year                     = {1995},
  Number                   = {4},
  Pages                    = {121--163},
  Volume                   = {228},

  Owner                    = {tdupu},
  Publisher                = {[Paris: Societe mathematique de France, 1973-},
  Timestamp                = {2012.06.20}
}

@Article{Manin1965,
  Title                    = {Rational Point on Algebraic Curve over function fields},
  Author                   = {Manin, Y},
  Journal                  = {Izv. Akad. Nank. SSSR Ser Math},
  Year                     = {1965},
  Note                     = {English Translation of a 1963 paper},
  Pages                    = {1395-1440},
  Volume                   = {27},

  Owner                    = {tdupu},
  Timestamp                = {2012.06.26}
}

@Article{Manin1958,
  Title                    = {Algebraic Curves over Fields with derivations},
  Author                   = {Manin, Y.},
  Journal                  = {Izv Akad Nank SSSR Ser Math},
  Year                     = {1958},
  Pages                    = {737-756},
  Volume                   = {22},

  Owner                    = {tdupu},
  Timestamp                = {2012.06.26}
}

@Book{Manin2007,
  Title                    = {Introduction to modern number theory: fundamental problems, ideas and theories},
  Author                   = {Manin, Y.I. and Panchishkin, A.A.},
  Publisher                = {Springer},
  Year                     = {2007},
  Volume                   = {1}
}

@Article{Manin1996a,
  Title                    = {Sixth Painlev{\'e} equation, universal elliptic curve, and mirror of P2},
  Author                   = {Manin, Yu I},
  Journal                  = {arXiv preprint alg-geom/9605010},
  Year                     = {1996},
  Pages                    = {131--151}
}

@Book{Marcolli2005,
  Title                    = {Arithmetic noncommutative geometry},
  Author                   = {Marcolli, M.},
  Publisher                = {Amer Mathematical Society},
  Year                     = {2005},
  Volume                   = {36},

  Owner                    = {tdupu},
  Timestamp                = {2012.06.20}
}

@Book{Marcolli2005a,
  Title                    = {Arithmetic noncommutative geometry},
  Author                   = {Marcolli, M.},
  Publisher                = {Amer Mathematical Society},
  Year                     = {2005},
  Volume                   = {36}
}

@Misc{MO,
  Title                    = {\itshape Mathoverflow},

  Author                   = {The {Math Overflow}},
  HowPublished             = {\url{http://www.mathoverflow.org}},
  Year                     = {2014},

  Shorthand                = {Math Overflow}
}

@Article{Mazur2000,
  Title                    = {Abelian Varieties and the Mordell-Lang Conjecture},
  Author                   = {B. Mazur},
  Journal                  = {Model Theory, Algebra and Geometry, MSRI Publications},
  Year                     = {2000},
  Pages                    = {1-29},
  Volume                   = {39}
}

@Article{Mazur1973,
  Title                    = {Frobenius and the Hodge filtration (estimates)},
  Author                   = {Mazur, B.},
  Journal                  = {Annals of Mathematics},
  Year                     = {1973},
  Number                   = {1},
  Pages                    = {58--95},
  Volume                   = {98},

  Owner                    = {tdupu},
  Publisher                = {JSTOR},
  Timestamp                = {2012.06.20}
}

@Article{Mazur1972,
  Title                    = {Frobenius and Hodge Filtration},
  Author                   = {Mazur, B.},
  Journal                  = {Bulletin of the American Mathematical Society},
  Year                     = {1972},
  Pages                    = {58--95},
  Volume                   = {78},

  Owner                    = {tdupu},
  Timestamp                = {2012.06.20}
}

@Article{McLarty2003,
  Title                    = {The Rising Sea: Grothendieck on simplicity and generality I},
  Author                   = {McLarty, C.},
  Journal                  = {Episodes in the History of Recent Algebra. American Mathematical Society},
  Year                     = {2003},

  Owner                    = {tdupu},
  Timestamp                = {2012.06.20}
}

@Article{Mehta1985,
  Title                    = {Frobenius splitting and cohomology vanishing for Schubert varieties},
  Author                   = {Mehta, V.B. and Ramanathan, A.},
  Journal                  = {The Annals of Mathematics},
  Year                     = {1985},
  Number                   = {1},
  Pages                    = {27--40},
  Volume                   = {122},

  Owner                    = {tdupu},
  Publisher                = {JSTOR},
  Timestamp                = {2012.06.20}
}

@Article{Miller2011,
  Title                    = {On the structure of {W}itt-{B}Ournside rings attached to pro-p groups},
  Author                   = {Miller, L.E.},
  Journal                  = {Arxiv preprint arXiv:1103.4644},
  Year                     = {2011}
}

@Misc{Milne2012,
  Title                    = {Algebraic Geometry (v5.22)},

  Author                   = {Milne, James S.},
  Note                     = {Available at www.jmilne.org/math/},
  Year                     = {2012},

  Pages                    = {260}
}

@Article{IUT4,
  Title                    = {Inter-universal Teichm{\"u}ller theory IV: log-volume computations and set-theoretic foundations},
  Author                   = {Mochizuki, Shinichi},
  Journal                  = {preprint},
  Year                     = {2015},
  Volume                   = {1}
}

@Article{Mochizuki2012,
  Title                    = {Inter-universal Teichmuller Theory I--IV},
  Author                   = {Mochizuki, S},
  Journal                  = {Available on the author’s webpage},
  Year                     = {2012}
}

@Article{HodgeArakelov,
  Title                    = {The Hodge-Arakelov theory of elliptic curves: Global discretization of local Hodge theories},
  Author                   = {Mochizuki, Shinichi},
  Journal                  = {RIMS Preprint},
  Year                     = {1999},
  Number                   = {1255},
  Pages                    = {1256},

  Publisher                = {Citeseer}
}

@Article{Mochizuki1996,
  Title                    = {A Theory of Ordinary p-adic Curves},
  Author                   = {Mochizuki, S.},
  Journal                  = {Research Institute For Mathematical Sciences Kyoto University},
  Year                     = {1996},
  Pages                    = {957--1151},
  Volume                   = {32},

  Publisher                = {Citeseer}
}

@Article{IUT3,
  Title                    = {Inter-universal Teichm{\"u}ller Theory III: Canonical Splittings of the Log-theta-lattice},
  Author                   = {Mochizuki, Shinichi},
  Journal                  = {preprint},
  Year                     = {1758}
}

@Article{IUT2,
  Title                    = {Inter-universal Teichm{\"u}ller Theory II: Hodge-Arakelov-theoretic Evaluation},
  Author                   = {Mochizuki, Shinichi},
  Journal                  = {preprint},
  Year                     = {1757}
}

@Article{IUT1,
  Title                    = {Inter-universal Teichm{\"u}ller Theory I: Construction of Hodge Theaters},
  Author                   = {Mochizuki, Shinichi},
  Journal                  = {RIMS Preprint},
  Year                     = {1756}
}

@Article{Moonen2011,
  Title                    = {The Torelli locus and special subvarieties},
  Author                   = {Moonen, Ben and Oort, Frans},
  Journal                  = {arXiv preprint arXiv:1112.0933},
  Year                     = {2011}
}

@Article{MoosaScanlon,
  Title                    = {Jet and prolongation spaces},
  Author                   = {Moosa, Rahim and Scanlon, Thomas},
  Journal                  = {Journal of the Institute of Mathematics of Jussieu},
  Year                     = {2010},
  Number                   = {02},
  Pages                    = {391--430},
  Volume                   = {9},

  Publisher                = {Cambridge Univ Press}
}

@InProceedings{Mordell1922,
  Title                    = {On the rational solutions of the indeterminate equations of the third and fourth degrees},
  Author                   = {Mordell, L.J.},
  Booktitle                = {Proc. Cambridge Philos. Soc},
  Year                     = {1922},
  Pages                    = {179--192},
  Volume                   = {21}
}

@PhdThesis{Mueller2013,
  Title                    = {Applications of Generalized Fermat Varieties to Zeta Functions of Artin-Schreier Curves},
  Author                   = {Mueller, Alexander},
  School                   = {The University of Michigan},
  Year                     = {2013}
}

@Book{Mumford1999,
  Title                    = {The red book of varieties and schemes: includes the Michigan Lectures (1974) on Curves and their Jacobians},
  Author                   = {Mumford, D.},
  Publisher                = {Springer Verlag},
  Year                     = {1999},
  Volume                   = {1358}
}

@Book{Mumford1982,
  Title                    = {Geometric invariant theory},
  Author                   = {Mumford, D. and Fogarty, J. and Kirwan, F.C.},
  Publisher                = {Springer-Verlag New York},
  Year                     = {1982},
  Volume                   = {965}
}

@Article{Mustacta2001,
  Title                    = {Jet schemes of locally complete intersection canonical singularities},
  Author                   = {Musta{\c{t}}a, Mircea},
  Journal                  = {Inventiones mathematicae},
  Year                     = {2001},
  Number                   = {3},
  Pages                    = {397--424},
  Volume                   = {145},

  Publisher                = {Springer}
}

@Other{Mustata,
  Title                    = {Spaces of arcs in birational geometry},
  Author                   = {Mustata, Mircea},
  Url                      = {www-personal.umich.edu/~mmustata/lectures_arcs.pdf}
}

@Article{Mustata2014,
  Title                    = {The dimension of jet schemes of singular varieties},
  Author                   = {Mustata, Mircea},
  Journal                  = {arXiv preprint arXiv:1404.7731},
  Year                     = {2014}
}

@Article{Narkiewicz1980,
  Title                    = {A note on a paper of H. Gupta concerning powers of 2 and 3, Univ},
  Author                   = {Narkiewicz, W},
  Journal                  = {Beograd. Publ. Elecktrotech. Fak. Ser. Mat. Fiz},
  Year                     = {1980},
  Number                   = {678-715},
  Pages                    = {173--174}
}

@Misc{ncatlab,
  Title                    = {\itshape ncatlab},

  Author                   = {The {ncatlab Authors}},
  HowPublished             = {\url{http://www.ncatlab.org}},
  Year                     = {2014},

  Shorthand                = {ncatlab}
}

@Article{Nic09,
  Title                    = {A trace formula for rigid varieties, and motivic Weil generating series for formal schemes},
  Author                   = {Nicaise, Johannes},
  Journal                  = {Mathematische Annalen},
  Year                     = {2009},
  Number                   = {2},
  Pages                    = {285--349},
  Volume                   = {343},

  Publisher                = {Springer}
}

@Article{Nic08,
  Title                    = {Formal and rigid geometry: an intuitive introduction, and some applications},
  Author                   = {Nicaise, Johannes},
  Journal                  = {arXiv preprint math/0701532},
  Year                     = {2007}
}

@Article{Nicaise2007,
  Title                    = {Formal and rigid geometry: an intuitive introduction, and some applications},
  Author                   = {Nicaise, Johannes},
  Journal                  = {arXiv preprint math/0701532},
  Year                     = {2007}
}

@Article{NS09,
  Title                    = {Greenberg approximation and the geometry of arc spaces},
  Author                   = {Nicaise, J. and Sebag, J.},
  Journal                  = {Communications in Algebra},
  Year                     = {2010},
  Number                   = {11},
  Pages                    = {4077--4096},
  Volume                   = {38},

  Owner                    = {tdupu},
  Publisher                = {Taylor \& Francis},
  Timestamp                = {2012.06.20}
}

@Article{NS05,
  Title                    = {Le th{\'e}or{\`e}me d'irr{\'e}ductibilit{\'e} de Kolchin},
  Author                   = {Nicaise, Johannes and Sebag, Julien},
  Journal                  = {Comptes Rendus Mathematique},
  Year                     = {2005},
  Number                   = {2},
  Pages                    = {103--106},
  Volume                   = {341},

  Publisher                = {Elsevier}
}

@Article{SN,
  Title                    = {Hopf algebras and combinatorics, Umbral Calculus and Hopf Algebras,(Morris, R., editor)},
  Author                   = {Nichols, W and Sweedler, M},
  Journal                  = {Contemporary Mathematics},
  Volume                   = {6}
}

@Book{OConnor2007a,
  Title                    = {The mactutor history of mathematics archive},
  Author                   = {O'Connor, J.J. and Robertson, E.F.},
  Publisher                = {School of Mathematics and Statistics, University of St. Andrews},
  Year                     = {2007}
}

@Book{OConnor2007,
  Title                    = {The mactutor history of mathematics archive},
  Author                   = {O'Connor, J.J. and Robertson, E.F. and KidsClick!(Project) and University of St. Andrews. School of Mathematics and Statistics},
  Publisher                = {School of Mathematics and Statistics, University of St. Andrews},
  Year                     = {2007},

  Url                      = {http://www-history.mcs.st-and.ac.uk/}
}

@Article{Ogus2007,
  Title                    = {Nonabelian Hodge theory in characteristic p},
  Author                   = {Ogus, Arthur and Vologodsky, Vadim},
  Journal                  = {Publications math{\'e}matiques},
  Year                     = {2007},
  Number                   = {1},
  Pages                    = {1--138},
  Volume                   = {106},

  Publisher                = {Springer}
}

@Article{Oh2009,
  Title                    = {Decomposition of the {W}itt-{B}urnside ring and {B}urnside ring of an abelian profinite group},
  Author                   = {Oh, Y.T.},
  Journal                  = {Advances in Mathematics},
  Year                     = {2009},
  Number                   = {2},
  Pages                    = {485--526},
  Volume                   = {222},

  Publisher                = {Elsevier}
}

@InProceedings{Olsson2007,
  Title                    = {Tangent Spaces and Obstruction Theories},
  Author                   = {Olsson, MARTIN},
  Booktitle                = {Notes from his lectures at the MSRI workshop on “deformation theory and moduli in algebraic geometry},
  Year                     = {2007},
  Organization             = {Citeseer}
}

@InProceedings{Olsson2007a,
  Title                    = {Tangent Spaces and Obstruction Theories},
  Author                   = {Olsson, MARTIN},
  Booktitle                = {Notes from his lectures at the MSRI workshop on “deformation theory and moduli in algebraic geometry},
  Year                     = {2007},
  Organization             = {Citeseer}
}

@Article{Oort2008,
  Title                    = {Abelian varieties over finite fields},
  Author                   = {Oort, Frans},
  Journal                  = {NATO SECURITY THROUGH SCIENCE SERIES D-INFORMATION AND COMMUNICATION SECURITY},
  Year                     = {2008},
  Pages                    = {123},
  Volume                   = {16},

  Publisher                = {IOS PRESS}
}

@Article{Oort1979,
  Title                    = {The local {T}Sorelli problem for algebraic curves},
  Author                   = {Oort, F. and Steenbrink, J.},
  Journal                  = {Journ{\'e}es de g{\'e}om{\'e}trie alg{\'e}brique d’Angers},
  Year                     = {1979},
  Pages                    = {157--204},
  Volume                   = {1979}
}

@Article{Oreshkov2011,
  Title                    = {Quantum correlations with no causal order},
  Author                   = {Oreshkov, O. and Costa, F. and Brukner, C.},
  Journal                  = {arXiv preprint arXiv:1105.4464},
  Year                     = {2011}
}

@Misc{Osserman2008,
  Title                    = {The Weil conjectures},

  Author                   = {Osserman, B.},
  Year                     = {2008},

  Journal                  = {Princeton companion to mathematics},
  Owner                    = {tdupu},
  Pages                    = {729--732},
  Publisher                = {Princeton University Press},
  Timestamp                = {2012.06.20}
}

@Article{Paranjape1989,
  author   = {Paranjape, K.H. and Srinivas, V.},
  title    = {{Self maps of homogeneous spaces.}},
  doi      = {10.1007/BF01388861},
  language = {English},
  number   = {2},
  pages    = {425-444},
  volume   = {98},
  journal  = {Invent. Math.},
  year     = {1989},
}

@Article{Pena2009,
  Title                    = {Mapping F\_1-land: An overview of geometries over the field with one element},
  Author                   = {Pe{\~n}a, J.L. and Lorscheid, O.},
  Journal                  = {Arxiv preprint arXiv:0909.0069},
  Year                     = {2009}
}

@Article{Pereyra2001,
  Title                    = {Lecture notes on dyadic harmonic analysis},
  Author                   = {Pereyra, MC},
  Journal                  = {Contemporary Mathematics},
  Year                     = {2001},
  Pages                    = {1--60},
  Volume                   = {289},

  Publisher                = {Providence, RI; American Mathematical Society; 1999}
}

@Misc{Pillay2001,
  Title                    = {Jet Spaces of Varieties over Differential and Difference Fields},

  Author                   = {Anand Pillay and Martin Ziegler and Universität Freiburg},
  Year                     = {2001}
}

@Article{Poonen2001,
  Title                    = {Computing torsion points on curves},
  Author                   = {Poonen, B.},
  Journal                  = {Experimental Mathematics},
  Year                     = {2001},
  Number                   = {3},
  Pages                    = {449--466},
  Volume                   = {10},

  Publisher                = {AK PETERS, LTD}
}

@Article{Ramond1982,
  Title                    = {Field theory: a modern primer},
  Author                   = {Ramond, P. and Fried, HM},
  Journal                  = {Physics Today},
  Year                     = {1982},
  Pages                    = {57},
  Volume                   = {35},

  Owner                    = {tdupu},
  Timestamp                = {2012.06.20}
}

@Article{Raynaud1983,
  Title                    = {Around the Mordell conjecture for function fields and a conjecture of Serge Lang},
  Author                   = {Raynaud, M.},
  Journal                  = {Algebraic Geometry},
  Year                     = {1983},
  Pages                    = {1--19},

  Owner                    = {tdupu},
  Publisher                = {Springer},
  Timestamp                = {2012.06.20}
}

@Article{Raynaud1983a,
  Title                    = {Sous-vari{\'e}t{\'e}s d’une vari{\'e}t{\'e} ab{\'e}lienne et points de torsion},
  Author                   = {Raynaud, M.},
  Journal                  = {Arithmetic and geometry},
  Year                     = {1983},
  Pages                    = {327--352},
  Volume                   = {1}
}

@Book{Ritt,
  Title                    = {Differential algebra},
  Author                   = {Ritt, Joseph Fels},
  Publisher                = {American Mathematical Soc.},
  Year                     = {1950},
  Volume                   = {33}
}

@Article{Ritt1943,
  Title                    = {Bezout's theorem and algebraic differential equations},
  Author                   = {Ritt, Joseph Fels},
  Journal                  = {Transactions of the American Mathematical Society},
  Year                     = {1943},
  Number                   = {1},
  Pages                    = {74--82},
  Volume                   = {53},

  Publisher                = {JSTOR}
}

@Article{Rogers2005,
  Title                    = {A van der Corput lemma for the p-adic numbers},
  Author                   = {Rogers, K.M.},
  Journal                  = {Proceedings of the American Mathematical Society},
  Year                     = {2005},
  Pages                    = {3525--3534},

  Publisher                = {JSTOR}
}

@Book{Rohatgi2011,
  Title                    = {An introduction to probability and statistics},
  Author                   = {Rohatgi, V.K. and Saleh, A.K.M.E.},
  Publisher                = {Wiley-Interscience},
  Year                     = {2011},
  Note                     = {Original addition 1976},
  Volume                   = {910}
}

@Article{Rosen2007,
  Title                    = {Differentials over differential fields},
  Author                   = {Rosen, Eric},
  Journal                  = {arXiv preprint math/0701508},
  Year                     = {2007}
}

@Article{Rosen2005,
  Title                    = {Order 1 strongly minimal sets in differentially closed fields},
  Author                   = {Rosen, Eric},
  Journal                  = {arXiv preprint math/0510233},
  Year                     = {2005}
}

@Book{Rotman2010,
  Title                    = {Advanced modern algebra},
  Author                   = {Rotman, J.J.},
  Publisher                = {Amer Mathematical Society},
  Year                     = {2010},
  Volume                   = {114},

  Owner                    = {tdupu},
  Timestamp                = {2012.06.20}
}

@Article{Rowland2009,
  Title                    = {Regularity versus complexity in the binary representation of 3\^{} n},
  Author                   = {Rowland, Eric S},
  Journal                  = {arXiv preprint arXiv:0902.3257},
  Year                     = {2009}
}

@Article{Samuel1966,
  Title                    = {Compl{\'e}ments {\`a} un article de Hans Grauert sur la conjecture de Mordell},
  Author                   = {Samuel, P.},
  Journal                  = {Publications Math{\'e}matiques de L'IH{\'E}S},
  Year                     = {1966},
  Number                   = {1},
  Pages                    = {55--62},
  Volume                   = {29},

  Publisher                = {Springer}
}

@PhdThesis{Scanlon1997,
  Title                    = {Model theory of valued D-fields},
  Author                   = {Scanlon, T.W.},
  School                   = {Harvard University Cambridge, Massachusetts},
  Year                     = {1997},
  Note                     = {can be found online: http://math.berkeley.edu/~scanlon/papers/papers.html}
}

@Article{Scanlon1997a,
  Title                    = {The abc theorem for commutative algebraic groups in characteristic p},
  Author                   = {Scanlon, T.},
  Journal                  = {International Mathematics Research Notices},
  Year                     = {1997},
  Number                   = {18},
  Pages                    = {881--898},
  Volume                   = {1997},

  Publisher                = {Oxford University Press}
}

@Article{Schutt2010,
  Title                    = {K3 surfaces of Picard rank 20 over Q},
  Author                   = {Sch{\"u}tt, M.},
  Journal                  = {Algebra \& Number Theory},
  Year                     = {2010},
  Pages                    = {335--356},
  Volume                   = {4},

  Publisher                = {Citeseer}
}

@Book{Serre1988,
  Title                    = {Algebraic groups and class fields},
  Author                   = {Serre, J.P.},
  Publisher                = {Springer Verlag},
  Year                     = {1988},
  Volume                   = {117}
}

@Book{Serre1973,
  Title                    = {A course in arithmetic},
  Author                   = {Serre, Jean-Pierre},
  Publisher                = {Springer-Verlag New York},
  Year                     = {1973},
  Volume                   = {97}
}

@Book{Shafarevich1994,
  Title                    = {Basic algebraic geometry: Varieties in projective space},
  Author                   = {Shafarevich, I.R.},
  Publisher                = {Springer},
  Year                     = {1994},
  Volume                   = {2},

  Owner                    = {tdupu},
  Timestamp                = {2012.06.20}
}

@Article{Shalev2001,
  Title                    = {Asymptotic group theory},
  Author                   = {Shalev, A.},
  Journal                  = {Notices of the AMS},
  Year                     = {2001},
  Pages                    = {383--389},
  Volume                   = {48}
}

@Article{ShihokoIshii2003,
  Title                    = {The Nash problem on arc families of singularities},
  Author                   = {Shihoko Ishii, S. and Koll{\'a}r, J.F},
  Journal                  = {Duke Mathematical Journal},
  Year                     = {2003},
  Number                   = {3},
  Pages                    = {601--620},
  Volume                   = {120},

  Publisher                = {Duke University Press}
}

@Article{Shpilka2009,
  Title                    = {Arithmetic circuits: A survey of recent results and open questions},
  Author                   = {Shpilka, A. and Yehudayoff, A.},
  Journal                  = {Foundations and Trends in Theoretical Computer Science},
  Year                     = {2009},
  Number                   = {3-4},
  Pages                    = {207--388},
  Volume                   = {5},

  Publisher                = {Now Publishers Inc}
}

@Book{Silverman2009,
  Title                    = {The arithmetic of elliptic curves},
  Author                   = {Silverman, J.H.},
  Publisher                = {Springer Verlag},
  Year                     = {2009},
  Volume                   = {106},

  Owner                    = {tdupu},
  Timestamp                = {2012.06.20}
}

@Article{Silverman1994,
  Title                    = {Advanced topics in the arithmetic of elliptic curves},
  Author                   = {Silverman, JH},
  Journal                  = {Graduate texts in math},
  Year                     = {1994},
  Volume                   = {151},

  Owner                    = {tdupu},
  Timestamp                = {2012.06.20}
}

@Article{Silverman1988,
  Title                    = {Wieferich's criterion and the< i> abc</i>-conjecture},
  Author                   = {Silverman, Joseph H},
  Journal                  = {Journal of Number Theory},
  Year                     = {1988},
  Number                   = {2},
  Pages                    = {226--237},
  Volume                   = {30},

  Publisher                = {Elsevier}
}

@Book{Sipser2006,
  Title                    = {Introduction to the Theory of Computation},
  Author                   = {Sipser, Michael},
  Publisher                = {Thomson Course Technology Boston},
  Year                     = {2006},
  Volume                   = {2}
}

@Article{Soule2004,
  Title                    = {Les vari{\'e}t{\'e}s sur le corps {\`a} un {\'e}l{\'e}ment},
  Author                   = {Soul{\'e}, C.},
  Journal                  = {Mosc. Math. J},
  Year                     = {2004},
  Number                   = {1},
  Pages                    = {217--244},
  Volume                   = {4},

  Owner                    = {tdupu},
  Timestamp                = {2012.06.20}
}

@Article{Soule1999,
  Title                    = {On the field with one element},
  Author                   = {Soul{\'e}, C.},
  Journal                  = {Max-Planck-Institut f{\"u}r Mathematik, Arbeitstagung},
  Year                     = {1999}
}

@Book{SrikanthIyengar2007,
  Title                    = {Twenty-four hours of local cohomology},
  Author                   = {Srikanth Iyengar, Graham J. Leuschke, Anton Leykin, Claudia Miller, Ezra Miller, Anurag K. Singh, Uli Walther},
  Publisher                = {Amer Mathematical Society},
  Year                     = {2007},
  Volume                   = {87}
}

@Misc{stacks-project,
  Title                    = {\itshape Stacks Project},

  Author                   = {The {Stacks Project Authors}},
  HowPublished             = {\url{http://stacks.math.columbia.edu}},
  Year                     = {2014},

  Shorthand                = {Stacks}
}

@Misc{Stillman2006,
  Title                    = {Computing with sheaves and sheaf cohomology in algebraic geometry: preliminary version},

  Author                   = {Stillman, M.},
  Note                     = {Arizona Winter School Notes},
  Year                     = {2006},

  Url                      = {http://swc.math.arizona.edu/aws/2006/notes.html}
}

@Book{Szpiro1981,
  Title                    = {S{\'e}minaire sur les pinceaux de courbes de genre au moins deux},
  Author                   = {Szpiro, Lucien and Beauville, Arnaud},
  Publisher                = {Soci{\'e}t{\'e} math{\'e}matique de France},
  Year                     = {1981},
  Number                   = {84-86}
}

@Book{Taibleson1975,
  Title                    = {Fourier analysis on local fields},
  Author                   = {Taibleson, M.H. and Taibleson, M.H.},
  Publisher                = {Princeton University Press Princeton},
  Year                     = {1975}
}

@Article{Tall1970,
  Title                    = {Representable functors and operations on rings},
  Author                   = {Tall, DO and Wraith, GC},
  Journal                  = {Proceedings of the London Mathematical Society},
  Year                     = {1970},
  Number                   = {4},
  Pages                    = {619--643},
  Volume                   = {3},

  Publisher                = {Oxford University Press}
}

@Article{Tankeev1984,
  Title                    = {On cycles on Abelian varieties of prime dimension over finite or number fields},
  Author                   = {Tankeev, Sergei Gennadievich},
  Journal                  = {Izvestiya: Mathematics},
  Year                     = {1984},
  Number                   = {2},
  Pages                    = {329--337},
  Volume                   = {22},

  Publisher                = {Turpion Ltd}
}

@InBook{Tate2001,
  Title                    = {Arithmetic Algebraic Geometry},
  Author                   = {Tate, J,},
  Chapter                  = {Galois Cohomology},
  Editor                   = {B. Conrad, K. Rubin},
  Pages                    = {465-479},
  Publisher                = {American Mathematical Society},
  Year                     = {2001},

  Owner                    = {tdupu},
  Timestamp                = {2012.06.20}
}

@PhdThesis{Tate1950,
  Title                    = {Fourier analysis in number fields and Hecke's zeta-functions},
  Author                   = {Tate, J.T.},
  School                   = {Princeton University},
  Year                     = {1950}
}

@Misc{lmfdb:234446.a,
  author       = {The {LMFDB Collaboration}, Authors: Dupuy, Kedlaya, Roe, Vincent},
  title        = {{\itshape {The L-functions and Modular Forms Database, {\em Home page of the L-function $L(s,E)$ for the Elliptic Curve Isogeny Class 234446.a}}}},
  howpublished = {\mbox{\url{http://www.lmfdb.org/L/EllipticCurve/Q/234446.a/}}},
  note         = {[Online; accessed 16 September 2013]},
  shorthand    = {LMFDB E234446.a},
  year         = {2013},
}

@InProceedings{Tits1956,
  Title                    = {Sur les analogues alg{\'e}briques des groupes semi-simples complexes},
  Author                   = {Tits, J.},
  Booktitle                = {Colloque d’algebre sup{\'e}rieure, Bruxelles},
  Year                     = {1956},
  Pages                    = {261--289},

  Owner                    = {tdupu},
  Timestamp                = {2012.06.20}
}

@Article{Toen2009,
  Title                    = {Au-dessous de Spec},
  Author                   = {To{\"e}n, B. and Vaqui{\'e}, M.},
  Journal                  = {Journal of K-theory: K-theory and its Applications to Algebra, Geometry, and Topology},
  Year                     = {2009},
  Number                   = {03},
  Pages                    = {437--500},
  Volume                   = {3},

  Owner                    = {tdupu},
  Publisher                = {Cambridge Univ Press},
  Timestamp                = {2012.06.20}
}

@Article{Ueno2001,
  Title                    = {Algebraic Geometry 2: Sheaves and Cohomology, Translations of Mathematical Monographs, vol. 197},
  Author                   = {Ueno, K.},
  Journal                  = {American Mathematical Society, Providence, RI, ISBN 0-8218-1357-9},
  Year                     = {2001}
}

@Misc{FOAG,
  Title                    = {Foundation of Algebraic Geometry. Version: 11 June 2013},

  Author                   = {Vakil, Ravi}
}

@Article{Vakil2006,
  Title                    = {Murphy’s law in algebraic geometry: badly-behaved deformation spaces},
  Author                   = {Vakil, R.},
  Journal                  = {Inventiones Mathematicae},
  Year                     = {2006},
  Number                   = {3},
  Pages                    = {569--590},
  Volume                   = {164},

  Publisher                = {Springer}
}

@Electronic{Vakil1998,
  Title                    = {A beginners guide to jet bundles from the point of view of algebraic geometry},
  Author                   = {Vakil, R.},
  Organization             = {Stanford University},
  Url                      = {http://math.stanford.edu/~vakil/files/jets.pdf},
  Year                     = {1998},

  Owner                    = {tdupu},
  Timestamp                = {2012.06.20}
}

@Article{VanderWaerden1930,
  Title                    = {Moderne algebra},
  Author                   = {Van der Waerden, B.L.},
  Journal                  = {Bull. Amer. Math. Soc},
  Year                     = {1930}
}

@Misc{VanderWaerden1930a,
  Title                    = {Moderne Algebra, 2 vols},

  Author                   = {Van der Waerden, B.L.},
  Note                     = {(First printed account of Emmy Nother's treatment of Ring Theory developed in the early 1920s)},
  Year                     = {1930},

  Publisher                = {Springer, Berl{\i}n}
}

@Book{Vojta1987,
  Title                    = {Diophantine approximations and value distribution theory},
  Author                   = {Vojta, Paul},
  Publisher                = {Springer},
  Year                     = {1987}
}

@Article{Voloch1991,
  Title                    = {On the conjectures of Mordell and Lang in positive characteristics},
  Author                   = {Voloch, J.F.},
  Journal                  = {Inventiones Mathematicae},
  Year                     = {1991},
  Number                   = {1},
  Pages                    = {643--646},
  Volume                   = {104},

  Publisher                = {Springer}
}

@Article{Weil1949,
  Title                    = {Numbers of solutions of equations in finite fields},
  Author                   = {Weil, A.},
  Journal                  = {Bull. Amer. Math. Soc},
  Year                     = {1949},
  Number                   = {5},
  Pages                    = {497--508},
  Volume                   = {55},

  Owner                    = {tdupu},
  Timestamp                = {2012.06.20}
}

@Article{Whitney1968,
  Title                    = {The Mathematics of Physical Quantities: Part I: Mathematical models for measurement},
  Author                   = {Whitney, Hassler},
  Journal                  = {The American Mathematical Monthly},
  Year                     = {1968},
  Number                   = {2},
  Pages                    = {115--138},
  Volume                   = {75},

  Publisher                = {JSTOR}
}

@Article{Wieferich1909,
  Title                    = {Zum letzten Fermatschen Theorem.},
  Author                   = {Wieferich, ArthurP},
  Journal                  = {Journal f{\"u}r die reine und angewandte Mathematik},
  Year                     = {1909},
  Pages                    = {293--302},
  Volume                   = {136}
}

@Article{Wilkerson1982,
  Title                    = {Lambda-rings, binomial domains, and vector bundles over CP (∞)},
  Author                   = {Wilkerson, C.},
  Journal                  = {Communications in Algebra},
  Year                     = {1982},
  Number                   = {3},
  Pages                    = {311--328},
  Volume                   = {10},

  Publisher                = {Taylor \& Francis}
}

@Article{Wilkerson1982a,
  Title                    = {Lambda-rings, binomial domains, and vector bundles over CP (∞)},
  Author                   = {Wilkerson, C.},
  Journal                  = {Communications in Algebra},
  Year                     = {1982},
  Number                   = {3},
  Pages                    = {311--328},
  Volume                   = {10},

  Publisher                = {Taylor \& Francis}
}

@Article{Wilkinson1959,
  Title                    = {The evaluation of the zeros of ill-conditioned polynomials. Part I},
  Author                   = {Wilkinson, JH},
  Journal                  = {Numerische Mathematik},
  Year                     = {1959},
  Number                   = {1},
  Pages                    = {150--166},
  Volume                   = {1},

  Publisher                = {Springer}
}

@Article{Wilkinson1959a,
  Title                    = {The evaluation of the zeros of ill-conditioned polynomials. Part II},
  Author                   = {Wilkinson, JH},
  Journal                  = {Numerische Mathematik},
  Year                     = {1959},
  Number                   = {1},
  Pages                    = {167--180},
  Volume                   = {1},

  Publisher                = {Springer}
}

@Article{Yalkinoglu2011,
  Title                    = {On Endomotives, Lambda-rings and Bost-Connes systems. With an appendix by Sergey Neshveyev},
  Author                   = {Yalkinoglu, B.},
  Journal                  = {Arxiv preprint arXiv:1105.5022},
  Year                     = {2011}
}

@Article{Yuri2008,
  Title                    = {Manin, Cyclotomy and analytic geometry over F1},
  Author                   = {Yuri, I.},
  Journal                  = {Arxiv preprint arXiv:0809.1564},
  Year                     = {2008}
}

@Article{Zarhin2015,
  Title                    = {Eigenvalues of Frobenius endomorphisms of abelian varieties of low dimension},
  Author                   = {Zarhin, Yuri G},
  Journal                  = {Journal of Pure and Applied Algebra},
  Year                     = {2015},
  Number                   = {6},
  Pages                    = {2076--2098},
  Volume                   = {219},

  Publisher                = {Elsevier}
}

@Article{Zarhin1994,
  Title                    = {The Tate conjecture for nonsimple abelian varieties over finite fields},
  Author                   = {Zarhin, Yu G},
  Journal                  = {Algebra and number theory (Essen, 1992)(J. Ritter, G. Frey, eds.)},
  Year                     = {1994},
  Pages                    = {267--296}
}

@Article{Zarhin1993,
  Title                    = {Abelian varieties of K3 type},
  Author                   = {Zarhin, Yuri G},
  Journal                  = {S{\'e}minaire de th{\'e}orie des nombres, Paris, 1990--1991},
  Year                     = {1993},
  Pages                    = {263--279}
}

@InProceedings{Zarhin1991,
  Title                    = {Abelian varieties of K3 type and ℓ-adic representations},
  Author                   = {Zarhin, Yuri G},
  Booktitle                = {ICM-90 Satellite Conference Proceedings},
  Year                     = {1991},
  Organization             = {Springer},
  Pages                    = {231--255}
}

@Article{Zarhin1979,
  Title                    = {Abelian varieties, l-adic representations and Lie algebras},
  Author                   = {Zarhin, Yu G},
  Journal                  = {Inventiones mathematicae},
  Year                     = {1979},
  Number                   = {2},
  Pages                    = {165--176},
  Volume                   = {55},

  Publisher                = {Springer}
}

@Article{Zarhin1979a,
  Title                    = {Abelian varieties, l-adic representations and SL\_2},
  Author                   = {Zarhin, Yurii Gennad'evich},
  Journal                  = {Izvestiya Rossiiskoi Akademii Nauk. Seriya Matematicheskaya},
  Year                     = {1979},
  Number                   = {2},
  Pages                    = {294--308},
  Volume                   = {43},

  Publisher                = {Russian Academy of Sciences, Steklov Mathematical Institute of Russian Academy of Sciences}
}

@Book{Zelevinsky1981,
  Title                    = {Representations of finite classical groups: a Hopf algebra approach},
  Author                   = {Zelevinsky, A.V.},
  Publisher                = {Springer-Verlag},
  Year                     = {1981},

  Owner                    = {tdupu},
  Timestamp                = {2012.06.20}
}

@InProceedings{Zhang2000,
  Title                    = {Geometry of algebraic points},
  Author                   = {Zhang, SW},
  Booktitle                = {First International Congress of Chinese Mathematician’(Lo Yang and S.-T. Yau, editors), AMS/IP Studies in Advanced Mathematics},
  Year                     = {2000},
  Pages                    = {185--198},
  Volume                   = {20}
}

@Article{Dupuy2019,
  author     = {Dupuy, Taylor and Katz, Eric and Rabinoff, Joseph and Zureick-Brown, David},
  title      = {Total {$p$}-differentials on schemes over {$\bold{Z}/p^2$}},
  journal    = {J. Algebra},
  year       = {2019},
  volume     = {524},
  pages      = {110--123},
  issn       = {0021-8693},
  doi        = {10.1016/j.jalgebra.2019.01.003},
  url        = {https://doi-org.ezproxy.uvm.edu/10.1016/j.jalgebra.2019.01.003},
  fjournal   = {Journal of Algebra},
  mrclass    = {14G17 (12H05 13F35 14G15)},
  mrnumber   = {3903661},
  mrreviewer = {Yukihide Takayama},
}

@Article{Dupuy2020a,
  author  = {Taylor Dupuy and Anton Hilado},
  title   = {{P}robabilistic {S}zpiro, {B}aby {S}zpiro, and {E}xplicit {S}zpiro from {M}ochizuki's {C}orollary 3.12},
  journal = {arXiv:2004.13108},
  year    = {2020},
}

@Article{Dupuy2020,
  author  = {Taylor Dupuy and Anton Hilado},
  title   = {The {S}tatement of {M}ochizuki's {C}orollary 3.12, {I}nitial {T}heta Data, and the {F}irst {T}wo {I}ndeterminacies},
  journal = {arXiv:2004.13228},
  year    = {2020},
}

@InProceedings{Dupuy2022a,
  author    = {Dupuy, Taylor and Kedlaya, Kiran and Roe, David and Vincent, Christelle},
  booktitle = {Arithmetic geometry, number theory, and computation},
  title     = {{I}sogeny {C}lasses of {A}belian {V}arieties over {F}inite {F}ields in the {LMFDB}},
  editor    = {Balakrishnan, Jennifer and Elkies, Noam and Hassett, Brendan and Poonen, Bjorn and Sutherland, Andrew and Voight, John},
  publisher = {Springer},
  series    = {Simons Symposia},
  year      = {2022},
}

@Article{Dupuy2023,
  author   = {Dupuy, Taylor and Kedlaya, Kiran and Roe, David and Vincent, Christelle},
  title    = {Counterexamples to a conjecture of {A}hmadi and {S}hparlinski},
  doi      = {10.1080/10586458.2021.1980463},
  issn     = {1058-6458,1944-950X},
  number   = {3},
  pages    = {540--544},
  url      = {https://doi.org/10.1080/10586458.2021.1980463},
  volume   = {32},
  fjournal = {Experimental Mathematics},
  journal  = {Exp. Math.},
  mrclass  = {11G10 (11G25 14H40)},
  mrnumber = {4633647},
  year     = {2023},
}

@Article{Dupuy2019a,
  author   = {Dupuy, Taylor and Zureick-Brown, David},
  title    = {Deligne-{I}llusie classes as arithmetic {K}odaira-{S}pencer classes},
  journal  = {J. Th\'{e}or. Nombres Bordeaux},
  year     = {2019},
  volume   = {31},
  number   = {2},
  pages    = {371--383},
  issn     = {1246-7405},
  url      = {http://jtnb.cedram.org.ezproxy.uvm.edu/item?id=JTNB_2019__31_2_371_0},
  fjournal = {Journal de Th\'{e}orie des Nombres de Bordeaux},
  mrclass  = {14G25 (11G35 12H05)},
  mrnumber = {4030913},
}

@Article{Dupuy2024d,
  author   = {Dupuy, Taylor and Kedlaya, Kiran S. and Zureick-Brown, David},
  title    = {Angle ranks of abelian varieties},
  doi      = {10.1007/s00208-023-02633-7},
  issn     = {0025-5831,1432-1807},
  number   = {1},
  pages    = {169--185},
  url      = {https://doi.org/10.1007/s00208-023-02633-7},
  volume   = {389},
  fjournal = {Mathematische Annalen},
  journal  = {Math. Ann.},
  mrclass  = {14K02},
  mrnumber = {4735944},
  year     = {2024},
}

@Article{Dupuy2023b,
  author       = {Dupuy, Taylor and Hilado, Anton and Ingalls, Colin and Logan, Adam},
  date         = {2023},
  journaltitle = {preprint},
  title        = {The Basic Theory of Clifford-Bianchi Groups for Hyperbolic $n$-Space},
}

@Article{Dupuy2023c,
  author       = {Dupuy, Taylor and Miller, Lance Edward and Overton-Walker, Eric},
  date         = {2023},
  journaltitle = {preprint},
  title        = {Non-representability of arithmetic arc spaces},
}

@Article{Backman2023,
  author       = {Backman, Spencer and Dupuy, Taylor and Hilado, Anton and Potter, Veronica},
  date         = {2023},
  journaltitle = {preprint},
  title        = {Ford Spheres for Hyperbolic n-Space},
}

@Article{Dupuy2024,
  author  = {Dupuy, Taylor and Hilado, Anton and Ingalls, Colin and Logan, Adam},
  title   = {The {B}asic {T}heory of {C}lifford-{B}ianchi {G}roups for {H}yperbolic n-{S}pace},
  journal = {arXiv preprint arXiv:2407.19122},
  year    = {2024},
}

@Article{Dupuy2024b,
  author  = {Dupuy, Taylor and Rabinoff, Joseph},
  title   = {A rigid analytic proof that the {A}bel–{J}acobi map extends to compact-type models},
  doi     = {10.4153/S0008439524000031},
  number  = {3},
  pages   = {648–654},
  volume  = {67},
  journal = {Canadian Mathematical Bulletin},
  year    = {2024},
}

@Comment{jabref-meta: databaseType:biblatex;}
